@article{roswelt,
	author = "Michael Stay and L.G. Meredith",
	title = "Representing operational semantics with enriched Lawvere theories",
	howpublished = "https://arxiv.org/abs/1704.03080",
	year = "2017"
}

@article{ltdistlaw,
	author = "Eugenia Cheng",
	title = "Distributive laws for {L}awvere theories",
	howpublished = "https://arxiv.org/abs/1112.3076 (presented CT 2011)",
	year = "2011"
}

@article {enrich,
	AUTHOR = {Kelly, G. M.},
	TITLE = {Basic concepts of enriched category theory},
	NOTE = {Reprint of the 1982 original [Cambridge Univ. Press,
	Cambridge; MR0651714]},
	JOURNAL = {Repr. Theory Appl. Categ.},
	FJOURNAL = {Reprints in Theory and Applications of Categories},
	NUMBER = {10},
	YEAR = {2005},
	PAGES = {vi+137},
	MRCLASS = {18-02 (00B60 18D10 18D20)},
	MRNUMBER = {2177301},
}

@article {powsketch,
	AUTHOR = {Kinoshita, Yoshiki and Power, John and Takeyama, Makoto},
	TITLE = {Sketches},
	NOTE = {Special volume on the occasion of the 60th birthday of
	Professor Michael Barr (Montreal, QC, 1997)},
	JOURNAL = {J. Pure Appl. Algebra},
	FJOURNAL = {Journal of Pure and Applied Algebra},
	VOLUME = {143},
	YEAR = {1999},
	NUMBER = {1-3},
	PAGES = {275--291},
	ISSN = {0022-4049},
	MRCLASS = {18C30 (68Q55)},
	MRNUMBER = {1731046},
	MRREVIEWER = {Kimmo I. Rosenthal},
	DOI = {10.1016/S0022-4049(98)00114-5},
	URL = {https://doi.org/10.1016/S0022-4049(98)00114-5},
}

@article{refl,
	author = {L.G. Meredith and Matthias Radestock},
	title = {A Reflective Higher-Order Calculus},
	journal = {Electronic Notes in Theoretical Computer Science},
	year = {2005},
	volume = {141},
	pages = {49-67}
}

@book{tmam,
	publisher = {Oxford University Press},
	title = {To Mock a Mockingbird: And Other Logic Puzzles},
	author = {Raymond Smullyan},
	year = {2000}
}

@article {mndarty,
	AUTHOR = {Berger, Clemens and Melli\`es, Paul-Andr\'{e} and Weber, Mark},
	TITLE = {Monads with arities and their associated theories},
	JOURNAL = {J. Pure Appl. Algebra},
	FJOURNAL = {Journal of Pure and Applied Algebra},
	VOLUME = {216},
	YEAR = {2012},
	NUMBER = {8-9},
	PAGES = {2029--2048},
	ISSN = {0022-4049},
	MRCLASS = {18C10 (18B40 18C15 18D50)},
	MRNUMBER = {2925893},
	MRREVIEWER = {Enrico Vitale},
	DOI = {10.1016/j.jpaa.2012.02.039},
	URL = {https://doi.org/10.1016/j.jpaa.2012.02.039},
}
    
@article {lawvere,
	AUTHOR = {Lawvere, F. William},
	TITLE = {Functorial semantics of algebraic theories},
	JOURNAL = {Proc. Nat. Acad. Sci. U.S.A.},
	FJOURNAL = {Proceedings of the National Academy of Sciences of the United
	States of America},
	VOLUME = {50},
	YEAR = {1963},
	PAGES = {869--872},
	ISSN = {0027-8424},
	MRCLASS = {18.10},
	MRNUMBER = {0158921},
	MRREVIEWER = {M. Artin},
	DOI = {10.1073/pnas.50.5.869},
	URL = {https://doi.org/10.1073/pnas.50.5.869},
}

@article {sketch,
	AUTHOR = {Barr, Michael and Wells, Charles},
	TITLE = {Toposes, triples and theories},
	NOTE = {Corrected reprint of the 1985 original [MR0771116]},
	JOURNAL = {Repr. Theory Appl. Categ.},
	FJOURNAL = {Reprints in Theory and Applications of Categories},
	NUMBER = {12},
	YEAR = {2005},
	PAGES = {x+288},
	MRCLASS = {18-02 (03G30 18B25 18C10 18C15)},
	MRNUMBER = {2178101},
}

@incollection {rosetta,
	AUTHOR = {Baez, J. and Stay, M.},
	TITLE = {Physics, topology, logic and computation: a {R}osetta {S}tone},
	BOOKTITLE = {New structures for physics},
	SERIES = {Lecture Notes in Phys.},
	VOLUME = {813},
	PAGES = {95--172},
	PUBLISHER = {Springer, Heidelberg},
	YEAR = {2011},
	MRCLASS = {18D10 (03B40 03B80 68Q05 81P10 81P68)},
	MRNUMBER = {2767046},
	MRREVIEWER = {Eric C. Rowell},
	DOI = {10.1007/978-3-642-12821-9_2},
	URL = {https://doi.org/10.1007/978-3-642-12821-9_2},
}

@article {combs,
	AUTHOR = {Sch\"{o}nfinkel, M.},
	TITLE = {Sur les \'{e}l\'{e}ments de construction de la logique math\'{e}matique},
	NOTE = {Translated from the German by Genevi\`eve Vandevelde,
	With an analysis and notes by Jean-Pierre Ginisti},
	JOURNAL = {Math. Inform. Sci. Humaines},
	FJOURNAL = {Math\'{e}matiques Informatique et Sciences Humaines},
	NUMBER = {112},
	YEAR = {1990},
	PAGES = {5--26, 59},
	ISSN = {0995-2314},
	MRCLASS = {03B40 (01A75 03-03 03B10)},
	MRNUMBER = {1096917},
	MRREVIEWER = {M. S. Burgin},
}
    
@article {sos,
	AUTHOR = {Plotkin, Gordon D.},
	TITLE = {A structural approach to operational semantics},
	JOURNAL = {J. Log. Algebr. Program.},
	FJOURNAL = {The Journal of Logic and Algebraic Programming},
	VOLUME = {60/61},
	YEAR = {2004},
	PAGES = {17--139},
	ISSN = {1567-8326},
	MRCLASS = {68-03 (68N15 68Q45 68Q55)},
	MRNUMBER = {2067228},
	MRREVIEWER = {Manfred Broy},
	DOI = {10.1016/j.jlap.2004.03.009},
	URL = {https://doi.org/10.1016/j.jlap.2004.03.009},
}

@article{lam,
	author = "Peter Selinger",
	title = "Lecture Notes on the Lambda Calculus",
	howpublished = "https://arxiv.org/abs/0804.3434v2",
	year = "2013"
}
    
@book {finite,
	AUTHOR = {Ad\'{a}mek, Ji\v{r}\'{i} and Rosick\'{y}, Ji\v{r}\'{i}},
	TITLE = {Locally presentable and accessible categories},
	SERIES = {London Mathematical Society Lecture Note Series},
	VOLUME = {189},
	PUBLISHER = {Cambridge University Press, Cambridge},
	YEAR = {1994}
}
    
@article{linton,
    author = "F.E.J. Linton",
    title = "Some Aspects of Equational Theories",
    journal = "Proceedings of the Conference on Categorical Algebra",
    publisher = "Springer-Verlag, Berlin Heidelberg",
    editor = "Eilenberg, et al.",
    year = "1965"}
    
@incollection {ltam,
	AUTHOR = {Hyland, Martin and Power, John},
	TITLE = {The category theoretic understanding of universal algebra:
	{L}awvere theories and monads},
	BOOKTITLE = {Computation, meaning, and logic: articles dedicated to
	{G}ordon {P}lotkin},
	SERIES = {Electron. Notes Theor. Comput. Sci.},
	VOLUME = {172},
	PAGES = {437--458},
	PUBLISHER = {Elsevier Sci. B. V., Amsterdam},
	YEAR = {2007},
	MRCLASS = {08C05 (18B99)},
	MRNUMBER = {2328298},
	DOI = {10.1016/j.entcs.2007.02.019},
	URL = {https://doi.org/10.1016/j.entcs.2007.02.019},
}
    
@misc{milew,
    author = "Bartosz Milewski",
    title = "Lawvere Theories",
    howpublished = "https://bartoszmilewski.com/2017/08/26/lawvere-theories/",
    year = "2017"}

@article {power,
	AUTHOR = {Power, John},
	TITLE = {Enriched {L}awvere theories},
	NOTE = {The Lambek Festschrift},
	JOURNAL = {Theory Appl. Categ.},
	FJOURNAL = {Theory and Applications of Categories},
	VOLUME = {6},
	YEAR = {1999},
	PAGES = {83--93},
	ISSN = {1201-561X},
	MRCLASS = {18C10 (18C15 18D05)},
	MRNUMBER = {1732465},
}

@book {maclane,
	AUTHOR = {Mac Lane, Saunders},
	TITLE = {Categories for the working mathematician},
	SERIES = {Graduate Texts in Mathematics},
	VOLUME = {5},
	EDITION = {Second},
	PUBLISHER = {Springer-Verlag, New York},
	YEAR = {1998},
	PAGES = {xii+314},
	ISBN = {0-387-98403-8},
	MRCLASS = {18-02},
	MRNUMBER = {1712872},
}

@article{nlab,
	author = "Urs Schreiber",
	title = "nLab: Lawvere Theory",
	howpublished = "https://ncatlab.org/nlab/show/Lawvere+theory",
	year = "2010"}

@incollection {ghani,
	AUTHOR = {L\"{u}th, Christoph and Ghani, Neil},
	TITLE = {Monads and modular term rewriting},
	BOOKTITLE = {Category theory and computer science ({S}anta {M}argherita
	{L}igure, 1997)},
	SERIES = {Lecture Notes in Comput. Sci.},
	VOLUME = {1290},
	PAGES = {69--86},
	PUBLISHER = {Springer, Berlin},
	YEAR = {1997},
	MRCLASS = {68Q42},
	MRNUMBER = {1640338},
	DOI = {10.1007/BFb0026982},
	URL = {https://doi.org/10.1007/BFb0026982},
}

@article{seely,
	author = "R.A.G. Seely",
	title = "Modelling Computations: A 2-Categorical Framework",
	journal = "Symposium on Logic in Computer Science, 22-25",
	year = "1987"}

@article{ladl,
	author = "Michael Stay and L.G. Meredith",
	title = "Logic as a distributive law",
	howpublished = "https://arxiv.org/abs/1610.02247",
	year = "2016"}

@article {rbb,
	AUTHOR = {Lucyshyn-Wright, Rory B. B.},
	TITLE = {Enriched algebraic theories and monads for a system of
	arities},
	JOURNAL = {Theory Appl. Categ.},
	FJOURNAL = {Theory and Applications of Categories},
	VOLUME = {31},
	YEAR = {2016},
	PAGES = {Paper No. 5, 101--137},
	ISSN = {1201-561X},
	MRCLASS = {18C15 (03C05 08A40 18C20 18D20)},
	MRNUMBER = {3455389},
	MRREVIEWER = {Fran\c{c}ois M\'{e}tayer},
}

@incollection {milner,
	AUTHOR = {Milner, Robin},
	TITLE = {The polyadic {$\pi$}-calculus: a tutorial},
	BOOKTITLE = {Logic and algebra of specification ({M}arktoberdorf, 1991)},
	SERIES = {NATO Adv. Sci. Inst. Ser. F Comput. Systems Sci.},
	VOLUME = {94},
	PAGES = {203--246},
	PUBLISHER = {Springer, Berlin},
	YEAR = {1993},
}

@article{engroth,
	author = "Johnathan Beardsley and Liang Ze Wong",
	title = "The Enriched Grothendieck Construction",
	howpublished = "https://arxiv.org/abs/1804.03829",
	year = "2018"
}

@article{groth,
	author = "Urs Schreiber",
	title = "nLab: Grothendieck Construction",
	howpublished = "https://ncatlab.org/nlab/show/Grothendieck+construction",
	year = "2010"}

@book {borceux,
	AUTHOR = {Borceux, Francis},
	TITLE = {Handbook of categorical algebra. 2},
	SERIES = {Encyclopedia of Mathematics and its Applications},
	VOLUME = {51},
	NOTE = {Categories and structures},
	PUBLISHER = {Cambridge University Press, Cambridge},
	YEAR = {1994},
	PAGES = {xviii+443},
	ISBN = {0-521-44179-X},
	MRCLASS = {18-02 (18Exx)},
	MRNUMBER = {1313497},
	MRREVIEWER = {Martin Hyland},
}

@article{pseudo,
	author = "Brian Day and Ross Street",
	title = "Monoidal Categories and Hopf Algebroids",
	journal = "Advances in Mathematics",
	publisher = "Academic Press",
	volume = "129",
	pages = "99--157",
	year = "1997"}
